@misc{wiki:Sufficient_statistic,
   author = "Wikipedia",
   title = "{Sufficient statistic} --- {W}ikipedia{,} The Free Encyclopedia",
   year = "2024",
   howpublished = {\texttt{http://en.wikipedia.org/w/index.php?title=Sufficient\%20statistic\&oldid=1196916794}},
   note = "[Online; accessed 23-February-2024]"
 }